@article{li2015proteasomes,
  title={Proteasomes: isolation and activity assays},
  author={Li, Yanjie and Tomko Jr, Robert J and Hochstrasser, Mark},
  journal={Current protocols in cell biology},
  volume={67},
  number={1},
  pages={3--43},
  year={2015},
  publisher={Wiley Online Library}
}
@article{cui2012nirs,
  title={NIRS-based hyperscanning reveals increased interpersonal coherence in superior frontal cortex during cooperation},
  author={Cui, Xu and Bryant, Daniel M and Reiss, Allan L},
  journal={Neuroimage},
  volume={59},
  number={3},
  pages={2430--2437},
  year={2012},
  publisher={Elsevier}
}
@article{chang2010time,
  title={Time--frequency dynamics of resting-state brain connectivity measured with fMRI},
  author={Chang, Catie and Glover, Gary H},
  journal={Neuroimage},
  volume={50},
  number={1},
  pages={81--98},
  year={2010},
  publisher={Elsevier}
}
@article{balaban2018mitochondria,
  title={The Mitochondria Reticulum of Muscle Cells},
  author={Balaban, Robert S},
  journal={Biochimica et Biophysica Acta (BBA)-Bioenergetics},
  volume={1859},
  pages={e6--e7},
  year={2018},
  publisher={Elsevier}
}
@article{glancy2018power,
  title={Power Grid Protection of the Muscle Mitochondrial Reticulum},
  author={Glancy, Brian and Hartnell, Lisa M and Combs, Christian A and Femnou, Armel and Sun, Junhui and Murphy, Elizabeth and Subramaniam, Sriram and Balaban, Robert S},
  journal={Cell reports},
  volume={23},
  number={9},
  pages={2832},
  year={2018},
  publisher={NIH Public Access}
}
@article{masse2016resolving,
  title={Resolving myocardial activation with novel omnipolar electrograms},
  author={Mass{\'e}, St{\'e}phane and Magtibay, Karl and Jackson, Nicholas and Asta, John and Kusha, Marjan and Zhang, Boyang and Balachandran, Ram and Radisic, Milica and Deno, D Curtis and Nanthakumar, Kumaraswamy},
  journal={Circulation: Arrhythmia and Electrophysiology},
  volume={9},
  number={7},
  pages={e004107},
  year={2016},
  publisher={Am Heart Assoc}
}
@article{liu2010blebbistatin,
  title={Blebbistatin inhibits contraction and accelerates migration in mouse hepatic stellate cells},
  author={Liu, Zhenan and Van Grunsven, Leo A and Van Rossen, Elke and Schroyen, Ben and Timmermans, Jean-Pierre and Geerts, Albert and Reynaert, Hendrik},
  journal={British journal of pharmacology},
  volume={159},
  number={2},
  pages={304--315},
  year={2010},
  publisher={Wiley Online Library}
}
@article{pecci2018myh9,
  title={MYH9: structure, functions and role of non-muscle myosin IIA in human disease},
  author={Pecci, Alessandro and Ma, Xuefei and Savoia, Anna and Adelstein, Robert S},
  journal={Gene},
  year={2018},
  publisher={Elsevier}
}
@article{aguirre2014intravital,
  title={Intravital imaging of cardiac function at the single-cell level},
  author={Aguirre, Aaron D and Vinegoni, Claudio and Sebas, Matt and Weissleder, Ralph},
  journal={Proceedings of the National Academy of Sciences},
  volume={111},
  number={31},
  pages={11257--11262},
  year={2014},
  publisher={National Acad Sciences}
}
@article{jiang2014pacing,
  title={Pacing-induced non-uniform Ca2+ dynamics in rat atria revealed by rapid-scanning confocal microscopy},
  author={Jiang, Yan and Tanaka, Hideo and Matsuyama, Taka-aki and Yamaoka, Yoshihisa and Takamatsu, Tetsuro},
  journal={Acta histochemica et cytochemica},
  volume={47},
  number={2},
  pages={59--65},
  year={2014},
  publisher={Japan Society of Histochemistry and Cytochemistry}
}
@article{hammer2015variations,
  title={Variations in local calcium signaling in adjacent cardiac myocytes of the intact mouse heart detected with two-dimensional confocal microscopy},
  author={Hammer, Karin P and Hohendanner, Felix and Blatter, Lothar A and Pieske, Burkert M and Heinzel, Frank R},
  journal={Frontiers in physiology},
  volume={5},
  pages={517},
  year={2015},
  publisher={Frontiers}
}
@article{mani2015does,
  title={How Does the Ca2+-paradox Injury Induce Contracture in the Heart?—A Combined Study of the Intracellular Ca2+ Dynamics and Cell Structures in Perfused Rat Hearts},
  author={Mani, Hiroki and Tanaka, Hideo and Adachi, Tetsuya and Ikegawa, Masaya and Dai, Ping and Fujita, Naohisa and Takamatsu, Tetsuro},
  journal={Acta histochemica et cytochemica},
  volume={48},
  number={1},
  pages={1--8},
  year={2015},
  publisher={Japan Society of Histochemistry and Cytochemistry}
}
@article{sato2014depolarization,
  title={Depolarization of cardiac membrane potential synchronizes calcium sparks and waves in tissue},
  author={Sato, Daisuke and Bartos, Daniel C and Ginsburg, Kenneth S and Bers, Donald M},
  journal={Biophysical journal},
  volume={107},
  number={6},
  pages={1313--1317},
  year={2014},
  publisher={Elsevier}
}
@article{walker2017estimating,
  title={Estimating the probabilities of rare arrhythmic events in multiscale computational models of cardiac cells and tissue},
  author={Walker, Mark A and Gurev, Viatcheslav and Rice, John J and Greenstein, Joseph L and Winslow, Raimond L},
  journal={PLoS computational biology},
  volume={13},
  number={11},
  pages={e1005783},
  year={2017},
  publisher={Public Library of Science}
}
@article{matsuura2018intravital,
  title={Intravital imaging with two-photon microscopy reveals cellular dynamics in the ischeamia-reperfused rat heart},
  author={Matsuura, Ryohei and Miyagawa, Shigeru and Fukushima, Satsuki and Goto, Takasumi and Harada, Akima and Shimozaki, Yuri and Yamaki, Kazumasa and Sanami, Sho and Kikuta, Junichi and Ishii, Masaru and others},
  journal={Scientific reports},
  volume={8},
  number={1},
  pages={15991},
  year={2018},
  publisher={Nature Publishing Group}
}
@article{roesch2014waveletcomp,
  title={WaveletComp: Computational wavelet analysis},
  author={Roesch, Angi and Schmidbauer, Harald},
  journal={R package version},
  volume={1},
  year={2014}
}
@article{team2014r,
  title={R: A language and environment for statistical computing},
  author={Team, R Core and others},
  journal={R},
  year={2014},
  publisher={Vienna, Austria}
}
@article{takamatsu2008arrhythmogenic,
  title={Arrhythmogenic substrates in myocardial infarct},
  author={Takamatsu, Tetsuro},
  journal={Pathology international},
  volume={58},
  number={9},
  pages={533--543},
  year={2008},
  publisher={Wiley Online Library}
}
@article{knuthwebsite,
    author = "Albert Einstein",
    title = "Zur Electiodynamik ...",
    journal = "Annalen der Physik",
    volume = "322",
    number = "10",
    pages = "891--921",
    year = "1905",
    DOI = "https://dx.doi.org/10.1002.andp.19053221004",
    keywords = "physics"
}
@article{shen1972myocardial,
  title={Myocardial calcium and magnesium in acute ischemic injury},
  author={Shen, Anthony C and Jennings, Robert B},
  journal={The American journal of pathology},
  volume={67},
  number={3},
  pages={417},
  year={1972},
  publisher={American Society for Investigative Pathology}
}
@article{shen1972kinetics,
  title={Kinetics of calcium accumulation in acute myocardial ischemic injury},
  author={Shen, Anthony C and Jennings, Robert B},
  journal={The American journal of pathology},
  volume={67},
  number={3},
  pages={441},
  year={1972},
  publisher={American Society for Investigative Pathology}
}
@article{nayler1981role,
  title={The role of calcium in the ischemic myocardium.},
  author={Nayler, Winifred G},
  journal={The American journal of pathology},
  volume={102},
  number={2},
  pages={262},
  year={1981},
  publisher={American Society for Investigative Pathology}
}
@article{minamikawa1997situ,
  title={In situ visualization of spontaneous calcium waves within perfused whole rat heart by confocal imaging},
  author={Minamikawa, Tetsuhiro and Cody, STEPHEN H and Williams, DAVID A},
  journal={American Journal of Physiology-Heart and Circulatory Physiology},
  volume={272},
  number={1},
  pages={H236--H243},
  year={1997}
}
@article{hama1998real,
  title={Real time in situ confocal imaging of calcium wave in the perfused whole heart of the rat},
  author={Hama, Takemitsu and Takahashi, Akiyuki and Ichihara, Akira and Takamatsu, Tetsuro},
  journal={Cellular signalling},
  volume={10},
  number={5},
  pages={331--337},
  year={1998},
  publisher={Elsevier}
}
@article{kaneko2000three,
  title={Three distinct types of Ca2+ waves in Langendorff-perfused rat heart revealed by real-time confocal microscopy},
  author={Kaneko, Tomoyuki and Tanaka, Hideo and Oyamada, Masahito and Kawata, Satoshi and Takamatsu, Tetsuro},
  journal={Circulation research},
  volume={86},
  number={10},
  pages={1093--1099},
  year={2000},
  publisher={Am Heart Assoc}
}
@article{tsujii2003situ,
  title={In situ visualization of the intracellular Ca2+ dynamics at the border of the acute myocardial infarct},
  author={Tsujii, Eiji and Tanaka, Hideo and Oyamada, Masahito and Fujita, Katsumasa and Hamamoto, Tetsu and Takamatsu, Tetsuro},
  journal={Molecular and cellular biochemistry},
  volume={248},
  number={1-2},
  pages={135--139},
  year={2003},
  publisher={Springer}
}
@article{tanaka2002excitation,
  title={Excitation-dependent intracellular Ca2+ waves at the border zone of the cryo-injured rat heart revealed by real-time confocal microscopy},
  author={Tanaka, Hideo and Oyamada, Masahito and Tsujii, Eiji and Nakajo, Takuya and Takamatsu, Tetsuro},
  journal={Journal of molecular and cellular cardiology},
  volume={34},
  number={11},
  pages={1501--1512},
  year={2002},
  publisher={Elsevier}
}
@article{fujiwara2008burst,
  title={Burst emergence of intracellular Ca2+ waves evokes arrhythmogenic oscillatory depolarization via the Na+--Ca2+ exchanger: simultaneous confocal recording of membrane potential and intracellular Ca2+ in the heart},
  author={Fujiwara, Katsuji and Tanaka, Hideo and Mani, Hiroki and Nakagami, Takuo and Takamatsu, Tetsuro},
  journal={Circulation research},
  volume={103},
  number={5},
  pages={509--518},
  year={2008},
  publisher={Am Heart Assoc}
}
@article{baader2002real,
  title={Real time, confocal imaging of Ca2+ waves in arterially perfused rat hearts},
  author={Baader, Andreas P and B{\"u}chler, Lorenz and Bircher-Lehmann, Lilly and Kl{\'e}ber, Andr{\'e} G},
  journal={Cardiovascular research},
  volume={53},
  number={1},
  pages={105--115},
  year={2002},
  publisher={Elsevier Science}
}
@article{lukyanenko1999role,
  title={The role of luminal Ca2+ in the generation of Ca2+ waves in rat ventricular myocytes},
  author={Lukyanenko, Valeriy and Subramanian, Saisunder and Gy{\"o}rke, Inna and Wiesner, Theodore F and Gy{\"o}rke, Sandor},
  journal={The Journal of Physiology},
  volume={518},
  number={1},
  pages={173--186},
  year={1999},
  publisher={Wiley Online Library}
}
@inproceedings{vallmitjana2010identification,
  title={Identification of intracellular calcium dynamics in stimulated cardiomyocytes},
  author={Vallmitjana, A and Barriga, Montserrat and Nenadic, Zoran and Llach, Anna and Alvarez-Lacalle, Enrique and Hove-Madsen, Leif and Benitez, R},
  booktitle={Engineering in Medicine and Biology Society (EMBC), 2010 Annual International Conference of the IEEE},
  pages={68--71},
  year={2010},
  organization={IEEE}
}
@article{li2012calcium,
  title={Do calcium waves propagate between cells and synchronize alternating calcium release in rat ventricular myocytes?},
  author={Li, Y and Eisner, DA and O’Neill, SC},
  journal={The Journal of physiology},
  volume={590},
  number={24},
  pages={6353--6361},
  year={2012},
  publisher={Wiley Online Library}
}
@article{hammer2015variations,
  title={Variations in local calcium signaling in adjacent cardiac myocytes of the intact mouse heart detected with two-dimensional confocal microscopy},
  author={Hammer, Karin P and Hohendanner, Felix and Blatter, Lothar A and Pieske, Burkert M and Heinzel, Frank R},
  journal={Frontiers in physiology},
  volume={5},
  pages={517},
  year={2015},
  publisher={Frontiers}
}
@article{griffiths2009mitochondrial,
  title={Mitochondrial calcium as a key regulator of mitochondrial ATP production in mammalian cells},
  author={Griffiths, Elinor J and Rutter, Guy A},
  journal={Biochimica et Biophysica Acta (BBA)-Bioenergetics},
  volume={1787},
  number={11},
  pages={1324--1333},
  year={2009},
  publisher={Elsevier}
}
@article{griffiths2010ups,
  title={The ups and downs of mitochondrial calcium signalling in the heart},
  author={Griffiths, Elinor J and Balaska, Dirki and Cheng, Wendy HY},
  journal={Biochimica et Biophysica Acta (BBA)-Bioenergetics},
  volume={1797},
  number={6-7},
  pages={856--864},
  year={2010},
  publisher={Elsevier}
}
@article{baumeister2016altered,
  title={Altered calcium handling and ventricular arrhythmias in acute ischemia},
  author={Baumeister, Peter and Quinn, T Alexander},
  journal={Clinical Medicine Insights: Cardiology},
  volume={10},
  pages={CMC--S39706},
  year={2016},
  publisher={SAGE Publications Sage UK: London, England}
}
@article{rasola2011mitochondrial,
  title={Mitochondrial permeability transition in Ca2+-dependent apoptosis and necrosis},
  author={Rasola, Andrea and Bernardi, Paolo},
  journal={Cell calcium},
  volume={50},
  number={3},
  pages={222--233},
  year={2011},
  publisher={Elsevier}
}
@article{garcia2012calcium,
  title={Calcium-mediated cell death during myocardial reperfusion},
  author={Garcia-Dorado, David and Ruiz-Meana, Marisol and Inserte, Javier and Rodriguez-Sinovas, Antonio and Piper, Hans Michael},
  journal={Cardiovascular research},
  volume={94},
  number={2},
  pages={168--180},
  year={2012},
  publisher={Oxford University Press}
}
@article{ter2006role,
  title={Role of sarcomere mechanics and Ca2+ overload in Ca2+ waves and arrhythmias in rat cardiac muscle},
  author={Ter Keurs, Henk Edj and Wakayama, Yuji and Sugai, Yoshinao and Price, Guy and Kagaya, Yutaka and Boyden, Penelope A and Miura, Masahito and Stuyvers, Bruno Dm},
  journal={Annals of the New York Academy of Sciences},
  volume={1080},
  number={1},
  pages={248--267},
  year={2006},
  publisher={Wiley Online Library}
}
@article{matsushita1999remodeling,
  title={Remodeling of cell-cell and cell--extracellular matrix interactions at the border zone of rat myocardial infarcts},
  author={Matsushita, Tsutomu and Oyamada, Masahito and Fujimoto, Kazushi and Yasuda, Yuko and Masuda, Shinsuke and Wada, Yukio and Oka, Takahiro and Takamatsu, Tetsuro},
  journal={Circulation research},
  volume={85},
  number={11},
  pages={1046--1055},
  year={1999},
  publisher={Am Heart Assoc}
}
@article{ter2007calcium,
  title={Calcium and arrhythmogenesis},
  author={Ter Keurs, Henk EDJ and Boyden, Penelope A},
  journal={Physiological reviews},
  volume={87},
  number={2},
  pages={457--506},
  year={2007},
  publisher={American Physiological Society}
}
@article{wussling1996nonlinear,
  title={Nonlinear propagation of spherical calcium waves in rat cardiac myocytes.},
  author={Wussling, MH and Salz, Henning},
  journal={Biophysical journal},
  volume={70},
  number={3},
  pages={1144},
  year={1996},
  publisher={The Biophysical Society}
}
@article{hamamoto2005situ,
  title={In situ Ca2+ dynamics of Purkinje fibers and its interconnection with subjacent ventricular myocytes},
  author={Hamamoto, Tetsu and Tanaka, Hideo and Mani, Hiroki and Tanabe, Takuji and Fujiwara, Katsuji and Nakagami, Takuo and Horie, Minoru and Oyamada, Masahito and Takamatsu, Tetsuro},
  journal={Journal of molecular and cellular cardiology},
  volume={38},
  number={4},
  pages={561--569},
  year={2005},
  publisher={Elsevier}
}
@article{song2017stochastic,
  title={Stochastic initiation and termination of calcium-mediated triggered activity in cardiac myocytes},
  author={Song, Zhen and Qu, Zhilin and Karma, Alain},
  journal={Proceedings of the National Academy of Sciences},
  volume={114},
  number={3},
  pages={E270--E279},
  year={2017},
  publisher={National Acad Sciences}
}
@article{wussling1997velocity,
  title={Velocity-curvature relationship of colliding spherical calcium waves in rat cardiac myocytes.},
  author={Wussling, MH and Scheufler, Karla and Schmerling, Siegfried and Drygalla, Volker},
  journal={Biophysical journal},
  volume={73},
  number={3},
  pages={1232},
  year={1997},
  publisher={The Biophysical Society}
}
@article{ishida1999formation,
  title={Formation of planar and spiral Ca2+ waves in isolated cardiac myocytes},
  author={Ishida, Hideyuki and Genka, Chokoh and Hirota, Yuki and Nakazawa, Hiroe and Barry, William H},
  journal={Biophysical journal},
  volume={77},
  number={4},
  pages={2114--2122},
  year={1999},
  publisher={Elsevier}
}
@article{lipp1996subcellular,
  title={Subcellular properties of triggered Ca2+ waves in isolated citrate-loaded guinea-pig atrial myocytes characterized by ratiometric confocal microscopy.},
  author={Lipp, P and H{\"u}ser, J and Pott, L and Niggli, E},
  journal={The Journal of physiology},
  volume={497},
  number={3},
  pages={599--610},
  year={1996},
  publisher={Wiley Online Library}
}
@article{dhein2014remodeling,
  title={Remodeling of cardiac passive electrical properties and susceptibility to ventricular and atrial arrhythmias},
  author={Dhein, Stefan and Seidel, Thomas and Salameh, Aida and Jozwiak, Joanna and Hagen, Anja and Kostelka, Martin and Hindricks, Gerd and Mohr, Friedrich-Wilhelm},
  journal={Frontiers in physiology},
  volume={5},
  pages={424},
  year={2014},
  publisher={Frontiers}
}
@article{tveito2012slow,
  title={Slow Calcium-Depolarization-Calcium waves may initiate fast local depolarization waves in ventricular tissue},
  author={Tveito, Aslak and Lines, Glenn Terje and Edwards, Andrew G and Maleckar, Mary M and Michailova, Anushka and Hake, Johan and McCulloch, Andrew},
  journal={Progress in biophysics and molecular biology},
  volume={110},
  number={2-3},
  pages={295--304},
  year={2012},
  publisher={Elsevier}
}
@article{tsukamoto2016simultaneous,
  title={Simultaneous imaging of local calcium and single sarcomere length in rat neonatal cardiomyocytes using yellow Cameleon-Nano140},
  author={Tsukamoto, Seiichi and Fujii, Teruyuki and Oyama, Kotaro and Shintani, Seine A and Shimozawa, Togo and Kobirumaki-Shimozawa, Fuyu and Ishiwata, Shin’ichi and Fukuda, Norio},
  journal={The Journal of general physiology},
  volume={148},
  number={4},
  pages={341--355},
  year={2016},
  publisher={Rockefeller University Press}
}
@article{bowser1998role,
  title={Role of mitochondria in calcium regulation of spontaneously contracting cardiac muscle cells},
  author={Bowser, David N and Minamikawa, Tetsuhiro and Nagley, Phillip and Williams, David A},
  journal={Biophysical journal},
  volume={75},
  number={4},
  pages={2004--2014},
  year={1998},
  publisher={Elsevier}
}
@article{cao2006attenuation,
  title={Attenuation of mitochondrial, but not cytosolic, Ca2+ overload reduces myocardial injury induced by ischemia and reperfusion 1},
  author={CAO, Chun-mei and YAN, Wing-yee and Liu, Jing and WL KAM, Kenneth and ZHAN, Shi-zhong and Sham, James SK and WONG, Tak-ming},
  journal={Acta Pharmacologica Sinica},
  volume={27},
  number={7},
  pages={911--918},
  year={2006},
  publisher={Wiley Online Library}
}
@article{lee2017low,
  title={Low-Cost Optical Mapping Systems for Panoramic Imaging of Complex Arrhythmias and Drug-Action in Translational Heart Models},
  author={Lee, Peter and Calvo, Conrado J and Alfonso-Almaz{\'a}n, Jos{\'e} M and Quintanilla, Jorge G and Chorro, Francisco J and Yan, Ping and Loew, Leslie M and Filgueiras-Rama, David and Millet, Jos{\'e}},
  journal={Scientific reports},
  volume={7},
  pages={43217},
  year={2017},
  publisher={Nature Publishing Group}
}
@article{du2001calcium,
  title={Calcium measurements in perfused mouse heart: quantitating fluorescence and absorbance of Rhod-2 by application of photon migration theory},
  author={Du, Congwu and MacGowan, Guy A and Farkas, Daniel L and Koretsky, Alan P},
  journal={Biophysical journal},
  volume={80},
  number={1},
  pages={549--561},
  year={2001},
  publisher={Elsevier}
}
@article{chou2007remodelling,
  title={Remodelling of action potential and intracellular calcium cycling dynamics during subacute myocardial infarction promotes ventricular arrhythmias in Langendorff-perfused rabbit hearts},
  author={Chou, Chung-Chuan and Zhou, Shengmei and Hayashi, Hideki and Nihei, Motoki and Liu, Yen-Bin and Wen, Ming-Shien and Yeh, San-Jou and Fishbein, Michael C and Weiss, James N and Lin, Shien-Fong and others},
  journal={The Journal of physiology},
  volume={580},
  number={3},
  pages={895--906},
  year={2007},
  publisher={Wiley Online Library}
}
@article{lee2012simultaneous,
  title={Simultaneous measurement and modulation of multiple physiological parameters in the isolated heart using optical techniques},
  author={Lee, Peter and Yan, Ping and Ewart, Paul and Kohl, Peter and Loew, Leslie M and Bollensdorff, Christian},
  journal={Pfl{\"u}gers Archiv-European Journal of Physiology},
  volume={464},
  number={4},
  pages={403--414},
  year={2012},
  publisher={Springer}
}
@article{ronzhina2013application,
  title={Application of the optical method in experimental cardiology: action potential and intracellular calcium concentration measurement.},
  author={RONZHINA, Marina and {\v{C}}miel, V and Janou{\v{s}}ek, O and Kol{\'a}{\v{r}}ov{\'a}, J and NOV{\'A}KOV{\'A}, Marie and BABULA, Petr and PROVAZN{\'I}K, Ivo},
  journal={Physiological research},
  volume={62},
  number={2},
  year={2013}
}
@article{venkataraman2012ratiometric,
  title={Ratiometric imaging of calcium during ischemia-reperfusion injury in isolated mouse hearts using Fura-2},
  author={Venkataraman, Raghav and Holcomb, Mark R and Harder, Rene and Knollmann, Bj{\"o}rn C and Baudenbacher, Franz},
  journal={Biomedical engineering online},
  volume={11},
  number={1},
  pages={39},
  year={2012},
  publisher={BioMed Central}
}
@article{efimov2004optical,
  title={Optical imaging of the heart},
  author={Efimov, Igor R and Nikolski, Vladimir P and Salama, Guy},
  journal={Circulation research},
  volume={95},
  number={1},
  pages={21--33},
  year={2004},
  publisher={Am Heart Assoc}
}
@article{chen2015situ,
  title={In situ single photon confocal imaging of cardiomyocyte T-tubule system from Langendorff-perfused hearts},
  author={Chen, Biyi and Zhang, Caimei and Guo, Ang and Song, Long-Sheng},
  journal={Frontiers in physiology},
  volume={6},
  pages={134},
  year={2015},
  publisher={Frontiers}
}
@article{santos2015cardiovascular,
  title={Cardiovascular imaging: what have we learned from animal models?},
  author={Santos, Arnoldo and Fern{\'a}ndez-Friera, Leticia and Villalba, Mar{\'\i}a and L{\'o}pez-Melgar, Beatriz and Espa{\~n}a, Samuel and Mateo, Jes{\'u}s and Mota, Ruben A and Jim{\'e}nez-Borreguero, Jes{\'u}s and Ruiz-Cabello, Jes{\'u}s},
  journal={Frontiers in pharmacology},
  volume={6},
  pages={227},
  year={2015},
  publisher={Frontiers}
}
@article{qu2015mechanisms,
  title={Mechanisms of ventricular arrhythmias: from molecular fluctuations to electrical turbulence},
  author={Qu, Zhilin and Weiss, James N},
  journal={Annual review of physiology},
  volume={77},
  pages={29--55},
  year={2015},
  publisher={Annual Reviews}
}
@article{boyle2013comprehensive,
  title={A comprehensive multiscale framework for simulating optogenetics in the heart},
  author={Boyle, Patrick M and Williams, John C and Ambrosi, Christina M and Entcheva, Emilia and Trayanova, Natalia A},
  journal={Nature communications},
  volume={4},
  pages={2370},
  year={2013},
  publisher={Nature Publishing Group}
}
@article{chen2014ryanodine,
  title={The ryanodine receptor store-sensing gate controls Ca 2+ waves and Ca 2+-triggered arrhythmias},
  author={Chen, Wenqian and Wang, Ruiwu and Chen, Biyi and Zhong, Xiaowei and Kong, Huihui and Bai, Yunlong and Zhou, Qiang and Xie, Cuihong and Zhang, Jingqun and Guo, Ang and others},
  journal={Nature medicine},
  volume={20},
  number={2},
  pages={184},
  year={2014},
  publisher={Nature Publishing Group}
}
@article{loughrey2002relationship,
  title={The relationship between intracellular [Ca2+] and Ca2+ wave characteristics in permeabilised cardiomyocytes from the rabbit},
  author={Loughrey, CM and MacEachern, KE and Neary, P and Smith, GL},
  journal={The Journal of physiology},
  volume={543},
  number={3},
  pages={859--870},
  year={2002},
  publisher={Wiley Online Library}
}
@article{engel1995temperature,
  title={Temperature dependence of Ca2+ wave properties in cardiomyocytes: implications for the mechanism of autocatalytic Ca2+ release in wave propagation},
  author={Engel, Jutta and Sowerby, Andrew J and Finch, SA and Fechner, Martin and Stier, Anton},
  journal={Biophysical journal},
  volume={68},
  number={1},
  pages={40--45},
  year={1995},
  publisher={Elsevier}
}
@article{jaffe2008calcium,
  title={Calcium waves},
  author={Jaffe, Lionel F},
  journal={Philosophical Transactions of the Royal Society of London B: Biological Sciences},
  volume={363},
  number={1495},
  pages={1311--1317},
  year={2008},
  publisher={The Royal Society}
}
@article{herron2012optical,
  title={Optical imaging of voltage and calcium in cardiac cells \& tissues},
  author={Herron, Todd J and Lee, Peter and Jalife, Jos{\'e}},
  journal={Circulation research},
  volume={110},
  number={4},
  pages={609--623},
  year={2012},
  publisher={Am Heart Assoc}
}
@article{ehler2016cardiac,
  title={Cardiac cytoarchitecture—Why the “hardware” is important for heart function!},
  author={Ehler, Elisabeth},
  journal={Biochimica et Biophysica Acta (BBA)-Molecular Cell Research},
  volume={1863},
  number={7},
  pages={1857--1863},
  year={2016},
  publisher={Elsevier}
}
@article{farman2008blebbistatin,
  title={Blebbistatin: use as inhibitor of muscle contraction},
  author={Farman, Gerrie P and Tachampa, Kittipong and Mateja, Ryan and Cazorla, Olivier and Lacampagne, Alain and de Tombe, Pieter P},
  journal={Pfl{\"u}gers Archiv-European Journal of Physiology},
  volume={455},
  number={6},
  pages={995--1005},
  year={2008},
  publisher={Springer}
}
@article{diaz2004sarcoplasmic,
  title={Sarcoplasmic reticulum calcium content fluctuation is the key to cardiac alternans},
  author={D{\'\i}az, Mary E and O’neill, Stephen C and Eisner, David A},
  journal={Circulation research},
  volume={94},
  number={5},
  pages={650--656},
  year={2004},
  publisher={Am Heart Assoc}
}
@article{kapur2010early,
  title={Early development of intracellular calcium cycling defects in intact hearts of spontaneously hypertensive rats},
  author={Kapur, Sunil and Aistrup, Gary L and Sharma, Rohan and Kelly, James E and Arora, Rishi and Zheng, Jiabo and Veramasuneni, Mitra and Kadish, Alan H and Balke, C William and Wasserstrom, J Andrew},
  journal={American Journal of Physiology-Heart and Circulatory Physiology},
  volume={299},
  number={6},
  pages={H1843--H1853},
  year={2010},
  publisher={American Physiological Society Bethesda, MD}
}
@article{engel1994anisotropic,
  title={Anisotropic propagation of Ca2+ waves in isolated cardiomyocytes},
  author={Engel, Jutta and Fechner, Martin and Sowerby, Andrew J and Finch, SA and Stier, Anton},
  journal={Biophysical journal},
  volume={66},
  number={6},
  pages={1756--1762},
  year={1994},
  publisher={Elsevier}
}
@article{chen2014calcium,
  title={Calcium waves initiating from the anomalous subdiffusive calcium sparks},
  author={Chen, Xi and Guo, Liang and Kang, Jianhong and Huo, Yunlong and Wang, Shiqiang and Tan, Wenchang},
  journal={Journal of The Royal Society Interface},
  volume={11},
  number={91},
  pages={20130934},
  year={2014},
  publisher={The Royal Society}
}
@article{tracqui2009integrated,
  title={An integrated formulation of anisotropic force--calcium relations driving spatio-temporal contractions of cardiac myocytes},
  author={Tracqui, Philippe and Ohayon, Jacques},
  journal={Philosophical Transactions of the Royal Society of London A: Mathematical, Physical and Engineering Sciences},
  volume={367},
  number={1908},
  pages={4887--4905},
  year={2009},
  publisher={The Royal Society}
}
@article{izu2001evolution,
  title={Evolution of cardiac calcium waves from stochastic calcium sparks},
  author={Izu, Leighton T and Wier, W Gil and Balke, C William},
  journal={Biophysical journal},
  volume={80},
  number={1},
  pages={103--120},
  year={2001},
  publisher={Elsevier}
}
@article{dupont2007calcium,
  title={Calcium dynamics: spatio-temporal organization from the subcellular to the organ level},
  author={Dupont, Genevieve and Combettes, Laurent and Leybaert, Luc},
  journal={International review of cytology},
  volume={261},
  pages={193--245},
  year={2007},
  publisher={Elsevier}
}
@article{kockskamper2002subcellular,
  title={Subcellular Ca2+ alternans represents a novel mechanism for the generation of arrhythmogenic Ca2+ waves in cat atrial myocytes},
  author={Kocksk{\"a}mper, Jens and Blatter, Lothar A},
  journal={The Journal of physiology},
  volume={545},
  number={1},
  pages={65--79},
  year={2002},
  publisher={Wiley Online Library}
}
@article{lukyanenko1999ca2+,
  title={Ca2+ sparks and Ca2+ waves in saponin-permeabilized rat ventricular myocytes},
  author={Lukyanenko, Valeriy and Gy{\"o}rke, Sandor},
  journal={The Journal of physiology},
  volume={521},
  number={3},
  pages={575--585},
  year={1999},
  publisher={Wiley Online Library}
}
@article{slabaugh2018synchronization,
  title={Synchronization of Intracellular Ca2+ Release in Multicellular Cardiac Preparations},
  author={Slabaugh, Jessica and Brunello, Lucia and Elnakish, Mohammad T and Milani-Nejad, Nima and Gyorke, Sandor and Janssen, Paul ML},
  journal={Frontiers in physiology},
  volume={9},
  pages={968},
  year={2018},
  publisher={Frontiers}
}
@article{kubasov2018sub,
  title={Sub-cellular Electrical Heterogeneity Revealed by Loose Patch Recording Reflects Differential Localization of Sarcolemmal Ion Channels in Intact Rat Hearts},
  author={Kubasov, Igor V and Stepanov, Andrei and Bobkov, Danila and Radwanski, Przemys{\l}aw B and Terpilowski, Maxim A and Dobretsov, Maxim and Gyorke, Sandor},
  journal={Frontiers in physiology},
  volume={9},
  pages={61},
  year={2018},
  publisher={Frontiers}
}
@article{gaeta2009dynamical,
  title={Dynamical mechanism for subcellular alternans in cardiac myocytes},
  author={Gaeta, Stephen A and Bub, Gil and Abbott, Geoffrey W and Christini, David J},
  journal={Circulation research},
  volume={105},
  number={4},
  pages={335--342},
  year={2009},
  publisher={Am Heart Assoc}
}
@article{wier1997ca2+,
  title={Ca2+ ‘sparks’ and waves in intact ventricular muscle resolved by confocal imaging},
  author={Wier, Withrow Gil and Keurs, Henk EDJ ter and Marban, Eduardo and Gao, Wei Dong and Balke, C William},
  journal={Circulation research},
  volume={81},
  number={4},
  pages={462--469},
  year={1997},
  publisher={Am Heart Assoc}
}
@article{kong2014role,
  title={The role of dye affinity in optical measurements of Cai2+ transients in cardiac muscle},
  author={Kong, Wei and Fast, Vladimir G},
  journal={American Journal of Physiology-Heart and Circulatory Physiology},
  volume={307},
  number={1},
  pages={H73--H79},
  year={2014},
  publisher={American Physiological Society Bethesda, MD}
}
@article{li2012calcium,
  title={Do calcium waves propagate between cells and synchronize alternating calcium release in rat ventricular myocytes?},
  author={Li, Y and Eisner, DA and O’Neill, SC},
  journal={The Journal of physiology},
  volume={590},
  number={24},
  pages={6353--6361},
  year={2012},
  publisher={Wiley Online Library}
}
@article{tveito2012slow,
  title={Slow Calcium-Depolarization-Calcium waves may initiate fast local depolarization waves in ventricular tissue},
  author={Tveito, Aslak and Lines, Glenn Terje and Edwards, Andrew G and Maleckar, Mary M and Michailova, Anushka and Hake, Johan and McCulloch, Andrew},
  journal={Progress in biophysics and molecular biology},
  volume={110},
  number={2-3},
  pages={295--304},
  year={2012},
  publisher={Elsevier}
}
@article{plummer2011spontaneous,
  title={Spontaneous calcium oscillations during diastole in the whole heart: the influence of ryanodine reception function and gap junction coupling},
  author={Plummer, Bradley N and Cutler, Michael J and Wan, Xiaoping and Laurita, Kenneth R},
  journal={American Journal of Physiology-Heart and Circulatory Physiology},
  volume={300},
  number={5},
  pages={H1822--H1828},
  year={2011},
  publisher={American Physiological Society Bethesda, MD}
}
@article{miura2010effect,
  title={Effect of nonuniform muscle contraction on sustainability and frequency of triggered arrhythmias in rat cardiac muscle},
  author={Miura, Masahito and Nishio, Taichi and Hattori, Taiki and Murai, Naomi and Stuyvers, Bruno D and Shindoh, Chiyohiko and Boyden, Penelope A},
  journal={Circulation},
  volume={121},
  number={25},
  pages={2711--2717},
  year={2010},
  publisher={Am Heart Assoc}
}
@article{macquaide2007measurement,
  title={Measurement and modeling of Ca2+ waves in isolated rabbit ventricular cardiomyocytes},
  author={Macquaide, Niall and Dempster, J and Smith, GL},
  journal={Biophysical journal},
  volume={93},
  number={7},
  pages={2581--2595},
  year={2007},
  publisher={Elsevier}
}
@article{ter2007calcium,
  title={Calcium and arrhythmogenesis},
  author={Ter Keurs, Henk EDJ and Boyden, Penelope A},
  journal={Physiological reviews},
  volume={87},
  number={2},
  pages={457--506},
  year={2007},
  publisher={American Physiological Society}
}
@article{rubart2005mechanisms,
  title={Mechanisms of sudden cardiac death},
  author={Rubart, Michael and Zipes, Douglas P},
  journal={The Journal of clinical investigation},
  volume={115},
  number={9},
  pages={2305--2315},
  year={2005},
  publisher={Am Soc Clin Investig}
}
@article{lukyanenko1999ca2+,
  title={Ca2+ sparks and Ca2+ waves in saponin-permeabilized rat ventricular myocytes},
  author={Lukyanenko, Valeriy and Gy{\"o}rke, Sandor},
  journal={The Journal of physiology},
  volume={521},
  number={3},
  pages={575--585},
  year={1999},
  publisher={Wiley Online Library}
}
@article{loughrey2002relationship,
  title={The relationship between intracellular [Ca2+] and Ca2+ wave characteristics in permeabilised cardiomyocytes from the rabbit},
  author={Loughrey, CM and MacEachern, KE and Neary, P and Smith, GL},
  journal={The Journal of physiology},
  volume={543},
  number={3},
  pages={859--870},
  year={2002},
  publisher={Wiley Online Library}
}
@article{arutunyan2002initiation,
  title={Initiation and propagation of ectopic waves: insights from an in vitro model of ischemia-reperfusion injury},
  author={Arutunyan, Ara and Swift, Luther M and Sarvazyan, Narine},
  journal={American Journal of Physiology-Heart and Circulatory Physiology},
  volume={283},
  number={2},
  pages={H741--H749},
  year={2002},
  publisher={American Physiological Society Bethesda, MD}
}
@article{arcuino2002intercellular,
  title={Intercellular calcium signaling mediated by point-source burst release of ATP},
  author={Arcuino, Gregory and Lin, Jane H-C and Takano, Takahiro and Liu, Collins and Jiang, Li and Gao, Qun and Kang, Jian and Nedergaard, Maiken},
  journal={Proceedings of the National Academy of Sciences},
  volume={99},
  number={15},
  pages={9840--9845},
  year={2002},
  publisher={National Acad Sciences}
}
@article{matsuyama2017spatiotemporally,
  title={Spatiotemporally Non-Uniform Ca2+ Dynamics of Cardiac Purkinje Fibers in Mouse Myocardial Infarct},
  author={Matsuyama, Taka-aki and Tanaka, Hideo and Ishibashi-Ueda, Hatsue and Takamatsu, Tetsuro},
  journal={Journal of Histochemistry \& Cytochemistry},
  volume={65},
  number={11},
  pages={655--667},
  year={2017},
  publisher={SAGE Publications Sage CA: Los Angeles, CA}
}
@article{ford2017regional,
  title={Regional acidosis locally inhibits but remotely stimulates Ca2+ waves in ventricular myocytes},
  author={Ford, Kerrie L and Moorhouse, Emma L and Bortolozzi, Mario and Richards, Mark A and Swietach, Pawel and Vaughan-Jones, Richard D},
  journal={Cardiovascular research},
  volume={113},
  number={8},
  pages={984--995},
  year={2017},
  publisher={Oxford University Press}
}
@article{chen2015situ,
  title={In situ single photon confocal imaging of cardiomyocyte T-tubule system from Langendorff-perfused hearts},
  author={Chen, Biyi and Zhang, Caimei and Guo, Ang and Song, Long-Sheng},
  journal={Frontiers in physiology},
  volume={6},
  pages={134},
  year={2015},
  publisher={Frontiers}
}
@article{sato2014depolarization,
  title={Depolarization of cardiac membrane potential synchronizes calcium sparks and waves in tissue},
  author={Sato, Daisuke and Bartos, Daniel C and Ginsburg, Kenneth S and Bers, Donald M},
  journal={Biophysical journal},
  volume={107},
  number={6},
  pages={1313--1317},
  year={2014},
  publisher={Elsevier}
}
